<?xml version="1.0" encoding="UTF-8" standalone="yes"?>
<bibs total_record_count="1">
  <bib>
    <mms_id>9910880573503681</mms_id>
    <record_format>marc21</record_format>
    <linked_record_id/>
    <title>International Exhibition, 1876. Reports and awards /</title>
    <author>United States Centennial Commission.</author>
    <network_numbers>
      <network_number>(PU)1088057-penndb-Voyager</network_number>
      <network_number>1088057</network_number>
      <network_number>tmp20161190</network_number>
      <network_number>(CLSI)007187409</network_number>
      <network_number>(OCoLC)63545243</network_number>
      <network_number>(OCoLC)ocm63545243</network_number>
    </network_numbers>
    <place_of_publication>Washington, D.C. :</place_of_publication>
    <date_of_publication>1880.</date_of_publication>
    <publisher_const>Govt. Printing Office,</publisher_const>
    <holdings link="https://api-na.hosted.exlibrisgroup.com/almaws/v1/bibs/9910880573503681/holdings"/>
    <created_by>import</created_by>
    <created_date>2017-06-06Z</created_date>
    <last_modified_by>10002828</last_modified_by>
    <last_modified_date>2022-11-02Z</last_modified_date>
    <suppress_from_publishing>false</suppress_from_publishing>
    <suppress_from_external_search>false</suppress_from_external_search>
    <suppress_from_metadoor>false</suppress_from_metadoor>
    <rank>59</rank>
    <sync_with_oclc>BIBS</sync_with_oclc>
    <sync_with_libraries_australia>NONE</sync_with_libraries_australia>
    <originating_system>OTHER</originating_system>
    <originating_system_id>1088057-penndb</originating_system_id>
    <cataloging_level desc="Default Level">00</cataloging_level>
    <brief_level desc="10- Full-level">10</brief_level>
    <record>
      <leader>02202cam a2200445 i 4500</leader>
      <controlfield tag="001">9910880573503681</controlfield>
      <controlfield tag="005">20221102135355.0</controlfield>
      <controlfield tag="008">980924s1880 dcu f000 0 eng d</controlfield>
      <datafield ind1=" " ind2=" " tag="035">
        <subfield code="a">(OCoLC)ocm63545243</subfield>
      </datafield>
      <datafield ind1=" " ind2=" " tag="035">
        <subfield code="a">(OCoLC)63545243</subfield>
      </datafield>
      <datafield ind1=" " ind2=" " tag="035">
        <subfield code="a">(CLSI)007187409</subfield>
      </datafield>
      <datafield ind1=" " ind2=" " tag="035">
        <subfield code="9">AHK1880</subfield>
      </datafield>
      <datafield ind1=" " ind2=" " tag="035">
        <subfield code="a">tmp20161190</subfield>
      </datafield>
      <datafield ind1=" " ind2=" " tag="035">
        <subfield code="a">1088057</subfield>
      </datafield>
      <datafield ind1=" " ind2=" " tag="035">
        <subfield code="a">(PU)1088057-penndb-Voyager</subfield>
      </datafield>
      <datafield ind1=" " ind2=" " tag="040">
        <subfield code="b">eng</subfield>
        <subfield code="c">UPRA</subfield>
      </datafield>
      <datafield ind1="2" ind2=" " tag="110">
        <subfield code="a">United States Centennial Commission.</subfield>
        <subfield code="0">http://id.loc.gov/authorities/names/n82147229</subfield>
      </datafield>
      <datafield ind1="1" ind2="0" tag="245">
        <subfield code="a">International Exhibition, 1876.</subfield>
        <subfield code="b">Reports and awards /</subfield>
        <subfield code="c">edited by Francis A. Walker.</subfield>
      </datafield>
      <datafield ind1="1" ind2=" " tag="246">
        <subfield code="i">At head of title:</subfield>
        <subfield code="a">United States Centennial Commission</subfield>
      </datafield>
      <datafield ind1="1" ind2="8" tag="246">
        <subfield code="a">United States International Exhibition, 1876</subfield>
      </datafield>
      <datafield ind1=" " ind2="1" tag="264">
        <subfield code="a">Washington, D.C. :</subfield>
        <subfield code="b">Govt. Printing Office,</subfield>
        <subfield code="c">1880.</subfield>
      </datafield>
      <datafield ind1=" " ind2=" " tag="300">
        <subfield code="a">36 volumes in 6 ;</subfield>
        <subfield code="c">25 cm</subfield>
      </datafield>
      <datafield ind1=" " ind2=" " tag="336">
        <subfield code="a">text</subfield>
        <subfield code="b">txt</subfield>
        <subfield code="2">rdacontent</subfield>
      </datafield>
      <datafield ind1=" " ind2=" " tag="337">
        <subfield code="a">unmediated</subfield>
        <subfield code="b">n</subfield>
        <subfield code="2">rdamedia</subfield>
      </datafield>
      <datafield ind1=" " ind2=" " tag="338">
        <subfield code="a">volume</subfield>
        <subfield code="b">nc</subfield>
        <subfield code="2">rdacarrier</subfield>
      </datafield>
      <datafield ind1="2" ind2="0" tag="611">
        <subfield code="a">Centennial Exhibition</subfield>
        <subfield code="d">(1876 :</subfield>
        <subfield code="c">Philadelphia, Pa.)</subfield>
        <subfield code="0">http://id.loc.gov/authorities/names/n50057204</subfield>
      </datafield>
      <datafield ind1=" " ind2="7" tag="611">
        <subfield code="a">Centennial Exhibition.</subfield>
        <subfield code="2">fast</subfield>
        <subfield code="0">http://id.worldcat.org/fast/1405197</subfield>
      </datafield>
      <datafield ind1="2" ind2="0" tag="611">
        <subfield code="a">Centennial Exhibition</subfield>
        <subfield code="d">(1876 :</subfield>
        <subfield code="c">Philadelphia, Pa.)</subfield>
        <subfield code="x">Awards.</subfield>
      </datafield>
      <datafield ind1="1" ind2=" " tag="700">
        <subfield code="a">Walker, Francis Amasa,</subfield>
        <subfield code="d">1840-1897.</subfield>
        <subfield code="0">http://id.loc.gov/authorities/names/n79103839</subfield>
      </datafield>
      <datafield ind1="1" ind2=" " tag="852">
        <subfield code="b">vanp</subfield>
        <subfield code="h">606 PH1876.8a</subfield>
      </datafield>
      <datafield ind1="4" ind2="1" tag="856">
        <subfield code="z">Digital facsimile for browsing (Colenda): vol. 3</subfield>
        <subfield code="u">https://colenda.library.upenn.edu/catalog/81431-p3cr5nz85</subfield>
      </datafield>
      <datafield ind1="4" ind2="1" tag="856">
        <subfield code="z">Digital facsimile for browsing (Colenda): vol. 4</subfield>
        <subfield code="u">https://colenda.library.upenn.edu/catalog/81431-p3r49gw3h</subfield>
      </datafield>
      <datafield ind1="4" ind2="1" tag="856">
        <subfield code="z">Digital facsimile for browsing (Colenda): vol. 5</subfield>
        <subfield code="u">https://colenda.library.upenn.edu/catalog/81431-p3cn6zk1x</subfield>
      </datafield>
      <datafield ind1="4" ind2="1" tag="856">
        <subfield code="z">Digital facsimile for browsing (Colenda): vol. 6</subfield>
        <subfield code="u">https://colenda.library.upenn.edu/catalog/81431-p37w67r7j</subfield>
      </datafield>
      <datafield ind1="4" ind2="1" tag="856">
        <subfield code="z">Digital facsimile for browsing (Colenda): vol. 7</subfield>
        <subfield code="u">https://colenda.library.upenn.edu/catalog/81431-p3445hz46</subfield>
      </datafield>
      <datafield ind1="4" ind2="1" tag="856">
        <subfield code="z">Digital facsimile for browsing (Colenda): vol. 8</subfield>
        <subfield code="u">https://colenda.library.upenn.edu/catalog/81431-p30g3hj29</subfield>
      </datafield>
      <datafield ind1=" " ind2=" " tag="902">
        <subfield code="a">MARCIVE 2022</subfield>
      </datafield>
      <datafield ind1=" " ind2=" " tag="950">
        <subfield code="l">VPL</subfield>
        <subfield code="a">606</subfield>
        <subfield code="b">PH1876.8a</subfield>
      </datafield>
      <datafield ind1=" " ind2=" " tag="955">
        <subfield code="l">VPL</subfield>
      </datafield>
      <datafield ind1=" " ind2=" " tag="999">
        <subfield code="a">f</subfield>
        <subfield code="b">1999/05/14</subfield>
      </datafield>
    </record>
  </bib>
</bibs>
